<?xml version="1.0" encoding="UTF-8"?><collection xmlns="http://www.loc.gov/MARC21/slim"><record><leader>00566nam--2200205-u-4500</leader><controlfield tag="001">000050373</controlfield><controlfield tag="002">20161230</controlfield><controlfield tag="003">81796</controlfield><controlfield tag="005">20161230201048</controlfield><controlfield tag="008">070130s1000------------r-----000-0-eng-d</controlfield><datafield ind1=" " ind2=" " tag="020"><subfield code="a">0821835300</subfield></datafield><datafield ind1=" " ind2=" " tag="040"><subfield code="a">IFIN-HH</subfield></datafield><datafield ind1="1" ind2=" " tag="100"><subfield code="a">Kirilov,A.A</subfield></datafield><datafield ind1="1" ind2="0" tag="245"><subfield code="a">Lectures on the Orbit Method</subfield><subfield code="c">A.A. Kirilov</subfield></datafield><datafield ind1=" " ind2=" " tag="260"><subfield code="a">Providence, Rhode Island</subfield><subfield code="b">American Mathematical Society</subfield><subfield code="c">2004</subfield></datafield><datafield ind1=" " ind2=" " tag="300"><subfield code="a">408 p</subfield></datafield><datafield ind1=" " ind2=" " tag="490"><subfield code="a">Graduate Study in Mathematics</subfield><subfield code="v">Vol.64</subfield></datafield><datafield ind1=" " ind2="4" tag="650"><subfield code="a">Representation Theory</subfield></datafield><datafield ind1=" " ind2=" " tag="852"><subfield code="a">81796</subfield><subfield code="c">519.4/5</subfield></datafield><datafield ind1=" " ind2=" " tag="CAT"><subfield code="a">Sys</subfield><subfield code="c">20110314</subfield><subfield code="h">142625</subfield></datafield></record></collection>